10400000         2766393840001590000000000000000000000373508105200000000CONSELHO REG ENGENHARIA E AGROC ECON FEDERAL                          71501202611354400000504000000                    RET ONLINE-PRODUCAO               000            
10400011T0100030 20766393840001590000000000000000000000373508105200000000CONSELHO REG ENGENHARIA E AGRO                                                                                00000005150120260000000000                          00   
1040001300001T 460000000810520000000   140302026000184110126000184110    1501202600000000008057700100000026000184110              092008009137000119QUANTEQ EQUIPAMENTOS DE ENSAIO LTDA               000000000000000040301                     
1040001300002U 46000000000000000000000000000000000000000000000000000000000000000000000080577000000000080577000000000000000000000000000000150120261601202600000000000000000000000000000000000000000000000000000000000000000000000000000000       
10400015         00000400000000000000000000000000000000000000000000000000000000000000000000000000000000000000000000                                                                                                                             
10499999         000001000006                                                                                                                                                                                                                   
