10400000         2152330260001570000000000000000000000064723475700000000CONSELHO REGIONAL DE ENGENHARIC ECON FEDERAL                          70112202507044700005804000000                    RET ONLINE-PRODUCAO               000            
10400011T0100030 20152330260001570000000000000000000000064723475700000000CONSELHO REGIONAL DE ENGENHARI                                                                                00000058011220250000000000                          00   
1040001300001T 460000002347570000000   140000000612658380161265838       3011202500000000001030326000000061265838                 091000097296961520MARILEIDE DE QUEIROZ FERREIRA SANTIAGO            000000000000000040302                     
1040001300002U 46000000000000000000000000000000000000000000000000000000000000000000000010303000000000010303000000000000000000000000000000011220250312202500000000000000000000000000000000000000000000000000000000000000000000000000000000       
1040001300003T 460000002347570000000   140000000612662190161266219       0112202500000000003745026000000061266219                 092045885222000177PREMIUM CONCRETO E CONSTRUCOES LTDA               000000000000000040302                     
1040001300004U 46000000000000000000000000000000000000000000000000000000000000000000000037450000000000037450000000000000000000000000000000011220250312202500000000000000000000000000000000000000000000000000000000000000000000000000000000       
1040001300005T 460000002347570000000   140000000612790792161279079       0712202500000000001030334100000061279079                 092043634387000140MYPET ALAGOINHAS LTDA                             000000000000000040302                     
1040001300006U 46000000000000000000000000000000000000000000000000000000000000000000000010303000000000010303000000000000000000000000000000011220250312202500000000000000000000000000000000000000000000000000000000000000000000000000000000       
1040001300007T 460000002347570000000   140000000612811889161281188       0712202500000000001030307000000061281188                 091000028443938889JOSIVAN DO CARMO CHAVES                           000000000000000040302                     
1040001300008U 46000000000000000000000000000000000000000000000000000000000000000000000010303000000000010303000000000000000000000000000000011220250312202500000000000000000000000000000000000000000000000000000000000000000000000000000000       
1040001300009T 460000002347570000000   140000000612812079161281207       0712202500000000001030326000000061281207                 091000003610610565BARBARA CARVALHO VIEIRA MOREIRA                   000000000000000040302                     
1040001300010U 46000000000000000000000000000000000000000000000000000000000000000000000010303000000000010303000000000000000000000000000000011220250312202500000000000000000000000000000000000000000000000000000000000000000000000000000000       
1040001300011T 460000002347570000000   140000000612817879161281787       0812202500000000001030334100000061281787                 091000003973850569MATHEUS ADORNO MENEZES                            000000000000000040302                     
1040001300012U 46000000000000000000000000000000000000000000000000000000000000000000000010303000000000010303000000000000000000000000000000011220250312202500000000000000000000000000000000000000000000000000000000000000000000000000000000       
1040001300013T 460000002347570000000   140000000612818956161281895       0812202500000000001030334100000061281895                 091000003973850569MATHEUS ADORNO MENEZES                            000000000000000040302                     
1040001300014U 46000000000000000000000000000000000000000000000000000000000000000000000010303000000000010303000000000000000000000000000000011220250312202500000000000000000000000000000000000000000000000000000000000000000000000000000000       
1040001300015T 460000002347570000000   140000000612841672161284167       0812202500000000002714734100000061284167                 092082091018000100INDUSTRIAL DUJUA MAQUINAS E EQUIPAMENTOS          000000000000000040302                     
1040001300016U 46000000000000000000000000000000000000000000000000000000000000000000000027147000000000027147000000000000000000000000000000011220250312202500000000000000000000000000000000000000000000000000000000000000000000000000000000       
1040001300017T 460000002347570000000   140000000612842474161284247       0812202500000000001030310401522061284247                 091000084817810530GABRIEL FIGUEIREDO GONZAGA DE LUCENA              000000000000000060302                     
1040001300018U 46000000000000000000000000000000000000000000000000000000000000000000000010303000000000010303000000000000000000000000000000011220250312202500000000000000000000000000000000000000000000000000000000000000000000000000000000       
1040001300019T 460000002347570000000   140000000612844906161284490       0812202500000000001030310401522061284490                 091000084817810530GABRIEL FIGUEIREDO GONZAGA DE LUCENA              000000000000000060302                     
1040001300020U 46000000000000000000000000000000000000000000000000000000000000000000000010303000000000010303000000000000000000000000000000011220250312202500000000000000000000000000000000000000000000000000000000000000000000000000000000       
1040001300021T 460000002347570000000   140000000612866586161286658       0912202500000000001030307700000061286658                 091000002007693593MARINALVA FERREIRA DA GAMA MARINALVA FER          000000000000000040302                     
1040001300022U 46000000000000000000000000000000000000000000000000000000000000000000000010303000000000010303000000000000000000000000000000011220250312202500000000000000000000000000000000000000000000000000000000000000000000000000000000       
1040001300023T 460000002347570000000   140000000612867116161286711       0912202500000000001030307700000061286711                 092059780917000107PROVIEW ENGENHARIA AVALIACOES E PERICIAS          000000000000000040302                     
1040001300024U 46000000000000000000000000000000000000000000000000000000000000000000000010303000000000010303000000000000000000000000000000011220250312202500000000000000000000000000000000000000000000000000000000000000000000000000000000       
1040001300025T 460000002347570000000   140000000612867418161286741       0912202500000000001030307700000061286741                 091000006242341506GABRIELLA LEAO FREITAS                            000000000000000040302                     
1040001300026U 46000000000000000000000000000000000000000000000000000000000000000000000010303000000000010303000000000000000000000000000000011220250312202500000000000000000000000000000000000000000000000000000000000000000000000000000000       
1040001300027T 460000002347570000000   140000000612867450161286745       0912202500000000001030307700000061286745                 091000006242341506GABRIELLA LEAO FREITAS                            000000000000000040302                     
1040001300028U 46000000000000000000000000000000000000000000000000000000000000000000000010303000000000010303000000000000000000000000000000011220250312202500000000000000000000000000000000000000000000000000000000000000000000000000000000       
1040001300029T 460000002347570000000   140000000612867582161286758       0912202500000000001030326000000061286758                 092040688215000161PRE MOLDADOS NOVO HORIZONTE                       000000000000000040302                     
1040001300030U 46000000000000000000000000000000000000000000000000000000000000000000000010303000000000010303000000000000000000000000000000011220250312202500000000000000000000000000000000000000000000000000000000000000000000000000000000       
1040001300031T 460000002347570000000   140000000612867701161286770       0912202500000000001030307700000061286770                 091000006242341506GABRIELLA LEAO FREITAS                            000000000000000040302                     
1040001300032U 46000000000000000000000000000000000000000000000000000000000000000000000010303000000000010303000000000000000000000000000000011220250312202500000000000000000000000000000000000000000000000000000000000000000000000000000000       
1040001300033T 460000002347570000000   140000000612867825161286782       0912202500000000000060626000000061286782                 091000033018699807JORGE ALBERTO DOS SANTOS ALMEIDA                  000000000000000040302                     
1040001300034U 46000000000000000000000000000000000000000000000000000000000000000000000000606000000000000606000000000000000000000000000000011220250312202500000000000000000000000000000000000000000000000000000000000000000000000000000000       
1040001300035T 460000002347570000000   140000000612867841161286784       0912202500000000000060626000000061286784                 091000000787303500JOSE PAULO DOS SANTOS SILVA                       000000000000000040302                     
1040001300036U 46000000000000000000000000000000000000000000000000000000000000000000000000606000000000000606000000000000000000000000000000011220250312202500000000000000000000000000000000000000000000000000000000000000000000000000000000       
1040001300037T 460000002347570000000   140000000612867868161286786       0912202500000000000060626000000061286786                 091000083243534534NILZETE RIBEIRO DE OLIVEIRA                       000000000000000040302                     
1040001300038U 46000000000000000000000000000000000000000000000000000000000000000000000000606000000000000606000000000000000000000000000000011220250312202500000000000000000000000000000000000000000000000000000000000000000000000000000000       
1040001300039T 460000002347570000000   140000000612868538161286853       1012202500000000001030307700000061286853                 091000006455225546BRUNA YOSHITANI DOS SANTOS                        000000000000000040302                     
1040001300040U 46000000000000000000000000000000000000000000000000000000000000000000000010303000000000010303000000000000000000000000000000011220250312202500000000000000000000000000000000000000000000000000000000000000000000000000000000       
1040001300041T 460000002347570000000   140000000612868732161286873       1012202500000000001030300100000061286873                 091000012985459869ADEMILTON DE JESUS                                000000000000000040302                     
1040001300042U 46000000000000000000000000000000000000000000000000000000000000000000000010303000000000010303000000000000000000000000000000301120250212202500000000000000000000000000000000000000000000000000000000000000000000000000000000       
1040001300043T 460000002347570000000   140000000612869070161286907       1012202500000000001030307700000061286907                 091000001292402571DANIEL SEIXAS SOUZA                               000000000000000040302                     
1040001300044U 46000000000000000000000000000000000000000000000000000000000000000000000010303000000000010303000000000000000000000000000000011220250312202500000000000000000000000000000000000000000000000000000000000000000000000000000000       
1040001300045T 460000002347570000000   140000000612869615161286961       1012202500000000001030326000000061286961                 091000004125020540JEAN FILIPE SILVA SANTOS                          000000000000000040302                     
1040001300046U 46000000000000000000000000000000000000000000000000000000000000000000000010303000000000010303000000000000000000000000000000011220250312202500000000000000000000000000000000000000000000000000000000000000000000000000000000       
1040001300047T 460000002347570000000   140000000612869747161286974       1012202500000000001030307700000061286974                 091000094127123591JORTAN VARGAS SANT ANA GONZAGA                    000000000000000040302                     
1040001300048U 46000000000000000000000000000000000000000000000000000000000000000000000010303000000000010303000000000000000000000000000000011220250312202500000000000000000000000000000000000000000000000000000000000000000000000000000000       
1040001300049T 460000002347570000000   140000000612869780161286978       1012202500000000001030326000000061286978                 091000004303419540LUCAS NATAN AGUIAR GOMES                          000000000000000040302                     
1040001300050U 46000000000000000000000000000000000000000000000000000000000000000000000010303000000000010303000000000000000000000000000000011220250312202500000000000000000000000000000000000000000000000000000000000000000000000000000000       
1040001300051T 460000002347570000000   140000000612869992161286999       1012202500000000002714726000000061286999                 091000081043155520NERIVALDO SANTANA BARBOSA                         000000000000000040302                     
1040001300052U 46000000000000000000000000000000000000000000000000000000000000000000000027147000000000027147000000000000000000000000000000011220250312202500000000000000000000000000000000000000000000000000000000000000000000000000000000       
1040001300053T 460000002347570000000   140000000612870079161287007       1012202500000000001030300100000061287007                 091000002091959596ROBSON CERQUEIRA DOS SANTOS                       000000000000000040302                     
1040001300054U 46000000000000000000000000000000000000000000000000000000000000000000000010303000000000010303000000000000000000000000000000301120250212202500000000000000000000000000000000000000000000000000000000000000000000000000000000       
1040001300055T 460000002347570000000   140000000612870141161287014       1012202500000000001030303300000061287014                 091000008149023593ERIKE MATIAS DA SILVA                             000000000000000040302                     
1040001300056U 46000000000000000000000000000000000000000000000000000000000000000000000010303000000000010303000000000000000000000000000000301120250212202500000000000000000000000000000000000000000000000000000000000000000000000000000000       
1040001300057T 460000002347570000000   140000000612870168161287016       1012202500000000001030300100000061287016                 092026457313000167GEOAX PROJETOS E ENGENHARIA LTDA ME               000000000000000040302                     
1040001300058U 46000000000000000000000000000000000000000000000000000000000000000000000010303000000000010303000000000000000000000000000000301120250212202500000000000000000000000000000000000000000000000000000000000000000000000000000000       
1040001300059T 460000002347570000000   140000000612870257161287025       1012202500000000001030300100000061287025                 091000003270340508PRISCILA DAMASCENO DE ANDRADE                     000000000000000040302                     
1040001300060U 46000000000000000000000000000000000000000000000000000000000000000000000010303000000000010303000000000000000000000000000000301120250212202500000000000000000000000000000000000000000000000000000000000000000000000000000000       
1040001300061T 460000002347570000000   140000000612870320161287032       1112202500000000001030331800000061287032                 091000007867954503VINICIUS MEIRA DOS SANTOS                         000000000000000040302                     
1040001300062U 46000000000000000000000000000000000000000000000000000000000000000000000010303000000000010303000000000000000000000000000000011220250312202500000000000000000000000000000000000000000000000000000000000000000000000000000000       
1040001300063T 460000002347570000000   140000000612870338161287033       1112202500000000001030326000000061287033                 091000007203285510ANA CAROLINE DA SILVA TAVARES                     000000000000000040302                     
1040001300064U 46000000000000000000000000000000000000000000000000000000000000000000000010303000000000010303000000000000000000000000000000011220250312202500000000000000000000000000000000000000000000000000000000000000000000000000000000       
1040001300065T 460000002347570000000   140000000612870397161287039       1112202500000000001030310400065061287039                 091000003233771576MARIA SOUSA DA SILVA                              000000000000000060302                     
1040001300066U 46000000000000000000000000000000000000000000000000000000000000000000000010303000000000010303000000000000000000000000000000011220250312202500000000000000000000000000000000000000000000000000000000000000000000000000000000       
1040001300067Y 465000000 000000000000  00000000000000000   320000000000445961040000780005747064114 0000000000000000000000000000000000000000      0020312202500000000003703                                                                      
1040001300068Y 465000000 000000000000  00000000000000000   320000000000743311040431680005772134341 0000000000000000000000000000000000000000      0020312202500000000001292                                                                      
1040001300069Y 465000000 000000000000  00000000000000000   320000000002528161040006470005747069280                                               0020312202500000000003703                                                                      
10400015         00007100000000000000000000000000000000000000000000000000000000000000000000000000000000000000000000                                                                                                                             
10499999         000001000073                                                                                                                                                                                                                   
