10400000         2766393840001590000000000000000000000373508129400000000CONSELHO REG ENGENHARIA E AGROC ECON FEDERAL                          70112202507044700002204000000                    RET ONLINE-PRODUCAO               000            
10400011T0100030 20766393840001590000000000000000000000373508129400000000CONSELHO REG ENGENHARIA E AGRO                                                                                00000022011220250000000000                          00   
1040001300001T 460000000812940000000   140102025002582118125002582118    2911202500000000002714734100000025002582118              092076630573000160CIA DE CIMENTO ITAMBE                             000000000000000040301                     
1040001300002U 46000000000000000000000000000000000000000000000000000000000000000000000027147000000000027147000000000000000000000000000000011220250212202500000000000000000000000000000000000000000000000000000000000000000000000000000000       
1040001300003T 460000000812940000000   140102025002583947125002583947    2911202500000000001030334100000025002583947              092003578854000148EXE ENGENHARIA LTDA                               000000000000000040301                     
1040001300004U 46000000000000000000000000000000000000000000000000000000000000000000000010303000000000010303000000000000000000000000000000011220250212202500000000000000000000000000000000000000000000000000000000000000000000000000000000       
1040001300005T 460000000812940000000   140102025002584218125002584218    2911202500000000001030334100000025002584218              092003578854000148EXE ENGENHARIA LTDA                               000000000000000040301                     
1040001300006U 46000000000000000000000000000000000000000000000000000000000000000000000010303000000000010303000000000000000000000000000000011220250212202500000000000000000000000000000000000000000000000000000000000000000000000000000000       
1040001300007T 460000000812940000000   140102025002585168125002585168    2911202500000000001030334100000025002585168              092079038022000109SENGES FLORESTADORA E AGRICOLA LTDA               000000000000000040301                     
1040001300008U 46000000000000000000000000000000000000000000000000000000000000000000000010303000000000010303000000000000000000000000000000011220250212202500000000000000000000000000000000000000000000000000000000000000000000000000000000       
1040001300009T 460000000812940000000   140102025002590617125002590617    0112202500000000001030334100000025002590617              092005102155000152AAC AR CONDICIONADO LTDA                          000000000000000040301                     
1040001300010U 46000000000000000000000000000000000000000000000000000000000000000000000010303000000000010303000000000000000000000000000000011220250212202500000000000000000000000000000000000000000000000000000000000000000000000000000000       
1040001300011T 460000000812940000000   140102025002612823125002612823    0512202500000000001030334100000025002612823              092001637895020168VOTORANTIM CIMENTOS SA                            000000000000000040301                     
1040001300012U 46000000000000000000000000000000000000000000000000000000000000000000000010303000000000010303000000000000000000000000000000011220250212202500000000000000000000000000000000000000000000000000000000000000000000000000000000       
1040001300013T 460000000812940000000   140102025002649328125002649328    1012202500000000001030300100000025002649328              091000000844611956SANDRO DANIEL VIEIRA                              000000000000000040301                     
1040001300014U 46000000000000000000000000000000000000000000000000000000000000000000000010303000000000010303000000000000000000000000000000011220250212202500000000000000000000000000000000000000000000000000000000000000000000000000000000       
1040001300015T 460000000812940000000   140102025002649395125002649395    1112202500000000001030334100000025002649395              091000005910032950ANA CRISTINA EXTERKOETTER                         000000000000000040301                     
1040001300016U 46000000000000000000000000000000000000000000000000000000000000000000000010303000000000010303000000000000000000000000000000011220250212202500000000000000000000000000000000000000000000000000000000000000000000000000000000       
1040001300017Y 465000000 000000000000  00000000000000000   320000000000059541040431680005772134341 0000000000000000000000000000000000000000      0010212202500000000001292                                                                      
1040001300018Y 465000000 000000000000  00000000000000000   320000000000119091040000780005747064114 0000000000000000000000000000000000000000      0010212202500000000003703                                                                      
1040001300019Y 465000000 000000000000  00000000000000000   320000000000138941040431680005774987791 0000000000000000000000000000000000000000      0010212202500000000001292                                                                      
1040001300020Y 465000000 000000000000  00000000000000000   320000000000675111040037350005747077070                                               0010212202500000000003703                                                                      
10400015         00002200000000000000000000000000000000000000000000000000000000000000000000000000000000000000000000                                                                                                                             
10499999         000001000024                                                                                                                                                                                                                   
