10400000         2152330260001570000000000000000000000064723475700000000CONSELHO REGIONAL DE ENGENHARIC ECON FEDERAL                          70112202507194000005904000000                    RET ONLINE-PRODUCAO               000            
10400011T0100030 20152330260001570000000000000000000000064723475700000000CONSELHO REGIONAL DE ENGENHARI                                                                                00000059011220250000000000                          00   
1040001300001T 460000002347570000000   140000000612656930161265693       3011202500000000001030326000000061265693                 091000003203656540RONICLEI VIEIRA DA SILVA LARANJEIRA               000000000000000040302                     
1040001300002U 46000000000000000000000000000000000000000000000000000000000000000000000010303000000000010303000000000000000000000000000000011220250312202500000000000000000000000000000000000000000000000000000000000000000000000000000000       
1040001300003T 460000002347570000000   140000000612810394161281039       0712202500000000001030310401522061281039                 091000003538413584LEONARDO DE CARVALHO STOLZE                       000000000000000060302                     
1040001300004U 46000000000000000000000000000000000000000000000000000000000000000000000010303000000000010303000000000000000000000000000000011220250312202500000000000000000000000000000000000000000000000000000000000000000000000000000000       
1040001300005T 460000002347570000000   140000000612866071161286607       0812202500000000001030310403542061286607                 091000004154360523ROMARIO HENRIQUE COSTA                            000000000000000060302                     
1040001300006U 46000000000000000000000000000000000000000000000000000000000000000000000010303000000000010303000000000000000000000000000000011220250312202500000000000000000000000000000000000000000000000000000000000000000000000000000000       
1040001300007T 460000002347570000000   140000000612867060161286706       0912202500000000001030326000000061286706                 091000006388652557ARESTIDES JOAQUIM DE CASTRO NETO                  000000000000000040302                     
1040001300008U 46000000000000000000000000000000000000000000000000000000000000000000000010303000000000010303000000000000000000000000000000011220250312202500000000000000000000000000000000000000000000000000000000000000000000000000000000       
1040001300009T 460000002347570000000   140000000612867892161286789       0912202500000000000060626000000061286789                 091000084679417587ROBERTO ROCHA SANTOS                              000000000000000040302                     
1040001300010U 46000000000000000000000000000000000000000000000000000000000000000000000000606000000000000606000000000000000000000000000000011220250312202500000000000000000000000000000000000000000000000000000000000000000000000000000000       
1040001300011Y 465000000 000000000000  00000000000000000   320000000000050161040000780005747064114 0000000000000000000000000000000000000000      0020312202500000000003703                                                                      
1040001300012Y 465000000 000000000000  00000000000000000   320000000000083611040431680005772134341 0000000000000000000000000000000000000000      0020312202500000000001292                                                                      
1040001300013Y 465000000 000000000000  00000000000000000   320000000000284411040006470005747069280                                               0020312202500000000003703                                                                      
10400015         00001500000000000000000000000000000000000000000000000000000000000000000000000000000000000000000000                                                                                                                             
10499999         000001000017                                                                                                                                                                                                                   
