10400000         2766393840001590000000000000000000000373508105200000000CONSELHO REG ENGENHARIA E AGROC ECON FEDERAL                          71501202609501800000304000000                    RET ONLINE-PRODUCAO               000            
10400011T0100030 20766393840001590000000000000000000000373508105200000000CONSELHO REG ENGENHARIA E AGRO                                                                                00000003150120260000000000                          00   
1040001300001T 460000000810520000000   140302025001761750130202500176    3001202600000000002123026000000030202500176              092003507319000104ARI LAJES LTDA ME                                 000000000000000040301                     
1040001300002U 46000000000000000000000000000000000000000000000000000000000000000000000021230000000000021230000000000000000000000000000000150120261601202600000000000000000000000000000000000000000000000000000000000000000000000000000000       
10400015         00000400000000000000000000000000000000000000000000000000000000000000000000000000000000000000000000                                                                                                                             
10499999         000001000006                                                                                                                                                                                                                   
