00100000         2005090260001600028320910014       0338200000000052841 MUTUA DE ASSISTENCIA DOS PROFIBANCO DO BRASIL                         21501202602065900235803000000303877689PROCESSAMEN                                                 
00100011T0100020 20005090260001600028320910014       0338200000000052841 MUTUA DE ASSISTENCIA DOS PROFI                                                                                000000001501202600000000  000000000                      
00100015         000002000000000000000000000000000000000000000000000000000000000000000000000000000000000000000000000000000000000000000000000000000                                                                                              
00199999         000001000004000000                                                                                                                                                            00000000000000000000000000000                    
