10400000         2152330260001570000000000000000000000064723475700000000CONSELHO REGIONAL DE ENGENHARIC ECON FEDERAL                          70112202508353600006404000000                    RET ONLINE-PRODUCAO               000            
10400011T0100030 20152330260001570000000000000000000000064723475700000000CONSELHO REGIONAL DE ENGENHARI                                                                                00000064011220250000000000                          00   
1040001300001T 460000002347570000000   140000000612712520161271252       0412202500000000001030300100000061271252                 092011449471000106AROEIRA COMPRA DE PRODUTOS DA REGIAO LTD          000000000000000040302                     
1040001300002U 46000000000000000000000000000000000000000000000000000000000000000000000010303000000000010303000000000000000000000000000000011220250312202500000000000000000000000000000000000000000000000000000000000000000000000000000000       
1040001300003T 460000002347570000000   140000000612817500161281750       0812202500000000001030350900000061281750                 091000001009564595EDILEIDE OLIVEIRA SOUZA                           000000000000000040302                     
1040001300004U 46000000000000000000000000000000000000000000000000000000000000000000000010303000000000010303000000000000000000000000000000011220250312202500000000000000000000000000000000000000000000000000000000000000000000000000000000       
1040001300005T 460000002347570000000   140000000612822090161282209       0812202500000000001030334100000061282209                 092008081379000113MATA ATLANTICA PRAIA E TURISMO LTDA               000000000000000040302                     
1040001300006U 46000000000000000000000000000000000000000000000000000000000000000000000010303000000000010303000000000000000000000000000000011220250312202500000000000000000000000000000000000000000000000000000000000000000000000000000000       
1040001300007T 460000002347570000000   140000000612845015161284501       0812202500000000001030300100000061284501                 091000060352566515LAERTE MARTINS COSTA                              000000000000000040302                     
1040001300008U 46000000000000000000000000000000000000000000000000000000000000000000000010303000000000010303000000000000000000000000000000011220250312202500000000000000000000000000000000000000000000000000000000000000000000000000000000       
1040001300009T 460000002347570000000   140000000612845023161284502       0812202500000000001030310403840061284502                 091000019126743515ROSALVO LEMOS CONCEICAO                           000000000000000020102                     
1040001300010U 46000000000000000000000000000000000000000000000000000000000000000000000010303000000000010303000000000000000000000000000000011220250312202500000000000000000000000000000000000000000000000000000000000000000000000000000000       
1040001300011T 460000002347570000000   140000000612847727161284772       0812202500000000001030300100000061284772                 091000078197295549ANDREZA COTRIM DA CUNHA ANDREZA COTRIM D          000000000000000040302                     
1040001300012U 46000000000000000000000000000000000000000000000000000000000000000000000010303000000000010303000000000000000000000000000000011220250312202500000000000000000000000000000000000000000000000000000000000000000000000000000000       
1040001300013T 460000002347570000000   140000000612847751161284775       0812202500000000001030300100000061284775                 091000039745317500JACQUES MARCELO MUNIZ COSTA                       000000000000000040302                     
1040001300014U 46000000000000000000000000000000000000000000000000000000000000000000000010303000000000010303000000000000000000000000000000011220250312202500000000000000000000000000000000000000000000000000000000000000000000000000000000       
1040001300015T 460000002347570000000   140000000612849975161284997       0812202500000000001030300100000061284997                 091000037196650549ANGELINA COTRIM DE SOUZA                          000000000000000040302                     
1040001300016U 46000000000000000000000000000000000000000000000000000000000000000000000010303000000000010303000000000000000000000000000000011220250312202500000000000000000000000000000000000000000000000000000000000000000000000000000000       
1040001300017T 460000002347570000000   140000000612870044161287004       1012202500000000001030300100000061287004                 092062947218000105POSTO LIDERY COMERCIO VAREJISTA DE DERIV          000000000000000040302                     
1040001300018U 46000000000000000000000000000000000000000000000000000000000000000000000010303000000000010303000000000000000000000000000000011220250312202500000000000000000000000000000000000000000000000000000000000000000000000000000000       
1040001300019T 460000002347570000000   140000000612870559161287055       1112202500000000001030375600000061287055                 092016412017000196MUNICIPIO VEREDA                                  000000000000000040302                     
1040001300020U 46000000000000000000000000000000000000000000000000000000000000000000000010303000000000010303000000000000000000000000000000011220250312202500000000000000000000000000000000000000000000000000000000000000000000000000000000       
1040001300021T 460000002347570000000   140000000612870575161287057       1112202500000000001030375600000061287057                 092016412017000196MUNICIPIO VEREDA                                  000000000000000040302                     
1040001300022U 46000000000000000000000000000000000000000000000000000000000000000000000010303000000000010303000000000000000000000000000000011220250312202500000000000000000000000000000000000000000000000000000000000000000000000000000000       
1040001300023T 460000002347570000000   140000000612870818161287081       1112202500000000001030300100000061287081                 091000006248297584CARLOS DE OLIVEIRA PIRES                          000000000000000040302                     
1040001300024U 46000000000000000000000000000000000000000000000000000000000000000000000010303000000000010303000000000000000000000000000000011220250312202500000000000000000000000000000000000000000000000000000000000000000000000000000000       
1040001300025T 460000002347570000000   140000000612870826161287082       1112202500000000001030308100000061287082                 092045515606000106NAIM COMERCIO DE GAS LTDA                         000000000000000040302                     
1040001300026U 46000000000000000000000000000000000000000000000000000000000000000000000010303000000000010303000000000000000000000000000000011220250312202500000000000000000000000000000000000000000000000000000000000000000000000000000000       
1040001300027T 460000002347570000000   140000000612870923161287092       1112202500000000001030300100000061287092                 091000006248297584CARLOS DE OLIVEIRA PIRES                          000000000000000040302                     
1040001300028U 46000000000000000000000000000000000000000000000000000000000000000000000010303000000000010303000000000000000000000000000000011220250312202500000000000000000000000000000000000000000000000000000000000000000000000000000000       
1040001300029Y 465000000 000000000000  00000000000000000   320000000000173041040000780005747064114 0000000000000000000000000000000000000000      0020312202500000000003703                                                                      
1040001300030Y 465000000 000000000000  00000000000000000   320000000000288401040431680005772134341 0000000000000000000000000000000000000000      0020312202500000000001292                                                                      
1040001300031Y 465000000 000000000000  00000000000000000   320000000000980981040006470005747069280                                               0020312202500000000003703                                                                      
10400015         00003300000000000000000000000000000000000000000000000000000000000000000000000000000000000000000000                                                                                                                             
10499999         000001000035                                                                                                                                                                                                                   
