10400000         2766393840001590000000000000000000000373508105200000000CONSELHO REG ENGENHARIA E AGROC ECON FEDERAL                          71501202610055900000404000000                    RET ONLINE-PRODUCAO               000            
10400011T0100030 20766393840001590000000000000000000000373508105200000000CONSELHO REG ENGENHARIA E AGRO                                                                                00000004150120260000000000                          00   
1040001300001T 460000000810520000000   140252026000001449125202600000    1501202600000000002317775600000025202600000              091000003853965970WALTER ROSA DOS SANTOS                            000000000000000040301                     
1040001300002U 46000000000000000000000000000000000000000000000000000000000000000000000023177000000000023177000000000000000000000000000000150120261601202600000000000000000000000000000000000000000000000000000000000000000000000000000000       
10400015         00000400000000000000000000000000000000000000000000000000000000000000000000000000000000000000000000                                                                                                                             
10499999         000001000006                                                                                                                                                                                                                   
