10400000         2766393840001590000000000000000000000373508105200000000CONSELHO REG ENGENHARIA E AGROC ECON FEDERAL                          71501202614052300000704000000                    RET ONLINE-PRODUCAO               000            
10400011T0100030 20766393840001590000000000000000000000373508105200000000CONSELHO REG ENGENHARIA E AGRO                                                                                00000007150120260000000000                          00   
1040001300001T 460000000810520000000   140302025001695714130202500169    1601202600000000003125310400910030202500169              092014221459000120VANDERSON RIBEIRO SUDARIO  EVANTOS  ME            000000000000000020101                     
1040001300002U 46000000000000000000000000000000000000000000000000000000000000000000000031253000000000031253000000000000000000000000000000150120261601202600000000000000000000000000000000000000000000000000000000000000000000000000000000       
10400015         00000400000000000000000000000000000000000000000000000000000000000000000000000000000000000000000000                                                                                                                             
10499999         000001000006                                                                                                                                                                                                                   
