10400000         2766393840001590000000000000000000000373508105200000000CONSELHO REG ENGENHARIA E AGROC ECON FEDERAL                          71501202608052500000104000000                    RET ONLINE-PRODUCAO               000            
10400011T0100030 20766393840001590000000000000000000000373508105200000000CONSELHO REG ENGENHARIA E AGRO                                                                                00000001150120260000000000                          00   
1040001300001T 460000000810520000000   140302024001219671130202400121    1501202600000000001234500100000030202400121              092019822788000140ANTONIO APARECIDO DA SILVA 58592563968            000000000000000040301                     
1040001300002U 46000000000000000000000000000000000000000000000000000000000000000000000012345000000000012345000000000000000000000000000000150120261601202600000000000000000000000000000000000000000000000000000000000000000000000000000000       
10400015         00000400000000000000000000000000000000000000000000000000000000000000000000000000000000000000000000                                                                                                                             
10499999         000001000006                                                                                                                                                                                                                   
