10400000         2152330260001570000000000000000000000064723475700000000CONSELHO REGIONAL DE ENGENHARIC ECON FEDERAL                          71601202607350200000304000000                    RET ONLINE-PRODUCAO               000            
10400011T0100030 20152330260001570000000000000000000000064723475700000000CONSELHO REGIONAL DE ENGENHARI                                                                                00000003160120260000000000                          00   
1040001300001T 460000002347570000000   140000000615376300161537630       2401202600000000001083934100000061537630                 092027473669003091SUPERMERCADOS CASAGRANDE LTDA                     000000000000000040302                     
1040001300002U 46000000000000000000000000000000000000000000000000000000000000000000000010839000000000010839000000000000000000000000000000160120262001202600000000000000000000000000000000000000000000000000000000000000000000000000000000       
1040001300003T 460000002347570000000   140000000615376466161537646       2401202600000000001083934100000061537646                 092027473669000904SUPERMERCADOS CASAGRANDE LTDA                     000000000000000040302                     
1040001300004U 46000000000000000000000000000000000000000000000000000000000000000000000010839000000000010839000000000000000000000000000000160120262001202600000000000000000000000000000000000000000000000000000000000000000000000000000000       
1040001300005Y 465000000 000000000000  00000000000000000   320000000000026001040000780005747064114 0000000000000000000000000000000000000000      0022001202600000000003703                                                                      
1040001300006Y 465000000 000000000000  00000000000000000   320000000000043341040431680005772134341 0000000000000000000000000000000000000000      0022001202600000000001292                                                                      
1040001300007Y 465000000 000000000000  00000000000000000   320000000000147441040006470005747069280                                               0022001202600000000003703                                                                      
10400015         00000900000000000000000000000000000000000000000000000000000000000000000000000000000000000000000000                                                                                                                             
10499999         000001000011                                                                                                                                                                                                                   
